@inproceedings{multi-solver-support,
 author = {Palikareva, Hristina and Cadar, Cristian},
 title = {Multi-solver Support in Symbolic Execution},
 booktitle = {Proceedings of the 25th International Conference on Computer Aided Verification - Volume 8044},
 series = {CAV 2013},
 year = {2013},
 isbn = {978-3-642-39798-1},
 location = {Saint Petersburg, Russia},
 pages = {53--68},
 numpages = {16},
 url = {http://dx.doi.org/10.1007/978-3-642-39799-8_3},
 doi = {10.1007/978-3-642-39799-8_3},
 acmid = {2958035},
 publisher = {Springer-Verlag New York, Inc.},
 address = {New York, NY, USA},
}

@article{symbolic-execution,
 author = {Cadar, Cristian and Sen, Koushik},
 title = {Symbolic Execution for Software Testing: Three Decades Later},
 journal = {Commun. ACM},
 issue_date = {February 2013},
 volume = {56},
 number = {2},
 month = feb,
 year = {2013},
 issn = {0001-0782},
 pages = {82--90},
 numpages = {9},
 url = {http://doi.acm.org/10.1145/2408776.2408795},
 doi = {10.1145/2408776.2408795},
 acmid = {2408795},
 publisher = {ACM},
 address = {New York, NY, USA},
}

@inproceedings{sybolic-execution-in-practice,
 author = {Cadar, Cristian and Godefroid, Patrice and Khurshid, Sarfraz and P\u{a}s\u{a}reanu, Corina S. and Sen, Koushik and Tillmann, Nikolai and Visser, Willem},
 title = {Symbolic Execution for Software Testing in Practice: Preliminary Assessment},
 booktitle = {Proceedings of the 33rd International Conference on Software Engineering},
 series = {ICSE '11},
 year = {2011},
 isbn = {978-1-4503-0445-0},
 location = {Waikiki, Honolulu, HI, USA},
 pages = {1066--1071},
 numpages = {6},
 url = {http://doi.acm.org/10.1145/1985793.1985995},
 doi = {10.1145/1985793.1985995},
 acmid = {1985995},
 publisher = {ACM},
 address = {New York, NY, USA},
 keywords = {dynamic test generation, generalized symbolic execution},
}

@article{King:1976:SEP:360248.360252,
 author = {King, James C.},
 title = {Symbolic Execution and Program Testing},
 journal = {Commun. ACM},
 issue_date = {July 1976},
 volume = {19},
 number = {7},
 month = jul,
 year = {1976},
 issn = {0001-0782},
 pages = {385--394},
 numpages = {10},
 url = {http://doi.acm.org/10.1145/360248.360252},
 doi = {10.1145/360248.360252},
 acmid = {360252},
 publisher = {ACM},
 address = {New York, NY, USA},
 keywords = {program debugging, program proving, program testing, program verification, symbolic execution, symbolic interpretation},
}

@article{DeMoura:2011:SMT:1995376.1995394,
 author = {De Moura, Leonardo and Bj{\o}rner, Nikolaj},
 title = {Satisfiability Modulo Theories: Introduction and Applications},
 journal = {Commun. ACM},
 issue_date = {September 2011},
 volume = {54},
 number = {9},
 month = sep,
 year = {2011},
 issn = {0001-0782},
 pages = {69--77},
 numpages = {9},
 url = {http://doi.acm.org/10.1145/1995376.1995394},
 doi = {10.1145/1995376.1995394},
 acmid = {1995394},
 publisher = {ACM},
 address = {New York, NY, USA},
}

@inproceedings{Cadar:2008:KUA:1855741.1855756,
 author = {Cadar, Cristian and Dunbar, Daniel and Engler, Dawson},
 title = {KLEE: Unassisted and Automatic Generation of High-coverage Tests for Complex Systems Programs},
 booktitle = {Proceedings of the 8th USENIX Conference on Operating Systems Design and Implementation},
 series = {OSDI'08},
 year = {2008},
 location = {San Diego, California},
 pages = {209--224},
 numpages = {16},
 url = {http://dl.acm.org/citation.cfm?id=1855741.1855756},
 acmid = {1855756},
 publisher = {USENIX Association},
 address = {Berkeley, CA, USA},
}

@inproceedings{Ganesh:2007:DPB:1770351.1770421,
 author = {Ganesh, Vijay and Dill, David L.},
 title = {A Decision Procedure for Bit-vectors and Arrays},
 booktitle = {Proceedings of the 19th International Conference on Computer Aided Verification},
 series = {CAV'07},
 year = {2007},
 isbn = {978-3-540-73367-6},
 location = {Berlin, Germany},
 pages = {519--531},
 numpages = {13},
 url = {http://dl.acm.org/citation.cfm?id=1770351.1770421},
 acmid = {1770421},
 publisher = {Springer-Verlag},
 address = {Berlin, Heidelberg},
}

@inproceedings{DeMoura:2008:ZES:1792734.1792766,
 author = {De Moura, Leonardo and Bj{\o}rner, Nikolaj},
 title = {Z3: An Efficient SMT Solver},
 booktitle = {Proceedings of the Theory and Practice of Software, 14th International Conference on Tools and Algorithms for the Construction and Analysis of Systems},
 series = {TACAS'08/ETAPS'08},
 year = {2008},
 isbn = {3-540-78799-2, 978-3-540-78799-0},
 location = {Budapest, Hungary},
 pages = {337--340},
 numpages = {4},
 url = {http://dl.acm.org/citation.cfm?id=1792734.1792766},
 acmid = {1792766},
 publisher = {Springer-Verlag},
 address = {Berlin, Heidelberg},
}

@inproceedings{Rakadjiev:2015:PSS:2847598.2847727,
 author = {Rakadjiev, Emil and Shimosawa, Taku and Mine, Hiroshi and Oshima, Satoshi},
 title = {Parallel SMT Solving and Concurrent Symbolic Execution},
 booktitle = {Proceedings of the 2015 IEEE Trustcom/BigDataSE/ISPA - Volume 03},
 series = {TRUSTCOM-BIGDATASE-ISPA '15},
 year = {2015},
 isbn = {978-1-4673-7952-6},
 pages = {17--26},
 numpages = {10},
 url = {http://dx.doi.org/10.1109/Trustcom-BigDataSe-ISPA.2015.608},
 doi = {10.1109/Trustcom-BigDataSe-ISPA.2015.608},
 acmid = {2847727},
 publisher = {IEEE Computer Society},
 address = {Washington, DC, USA},
 keywords = {SMT Solving, Parallel SMT Solving, Distributed SMT Solving, Asynchronous SMT Solving, Symbolic Execution, Concurrent Symbolic Execution},
}

@misc{KQuery,
    author = "KLEE",
    title = "The reference manual for the KQuery language",
    year = "2009",
    url = {https://klee.github.io/docs/kquery/},
    note = "[Online; accessed 30-March-2018]"
}

@misc{inotify,
    author = "Wikipedia contributors",
    title = "Inotify --- Wikipedia{,} The Free Encyclopedia",
    year = "2017",
    url = {https://en.wikipedia.org/w/index.php?title=Inotify&oldid=810255382},
    note = "[Online; accessed 31-March-2018]"
  }